@misc{badagabettu24_query2cad,
    author       = "Badagabettu, Akshay",
    title        = "Query2CAD: Generating CAD Models Using Natural Language Queries",
    howpublished = "\url{https://arxiv.org/abs/2406.00144}",
    year         = 2024,
    archivePrefix= "arXiv",
    eprint       = "2406.00144",
    langid       = "english"
}

@misc{alrashedy24_vlcadcode,
    author       = "Alrashedy, Kamel",
    title        = "Generating CAD Code with Vision--Language Models for 3D Designs",
    howpublished = "\url{https://arxiv.org/abs/2410.05340}",
    year         = 2024,
    archivePrefix= "arXiv",
    eprint       = "2410.05340",
    langid       = "english"
}

@misc{du24_text2bim,
    author       = "Du, Changyu",
    title        = "{Text2BIM}: Generating Building Models Using a Large Language Model--Based Multi--Agent Framework",
    howpublished = "\url{https://arxiv.org/abs/2408.08054}",
    year         = 2024,
    archivePrefix= "arXiv",
    eprint       = "2408.08054",
    langid       = "english"
}

@misc{fayolle23_csgsurvey,
    author       = "Fayolle, Pierre-Alain and Friedrich, Markus",
    title        = "A Survey of Methods for Converting Unstructured Data to {CSG} Models",
    howpublished = "\url{https://arxiv.org/abs/2305.01220}",
    year         = 2023,
    archivePrefix= "arXiv",
    eprint       = "2305.01220",
    langid       = "english"
}

@misc{jung24_contrastcad,
    author       = "Jung, Minseop and Kim, Jibum",
    title        = "{ContrastCAD}: Contrastive Representation Learning for Computer--Aided Design Models",
    howpublished = "\url{https://arxiv.org/abs/2404.01645}",
    year         = 2024,
    archivePrefix= "arXiv",
    eprint       = "2404.01645",
    langid       = "english"
}

@misc{ganin21_cadlanguage,
    author       = "Ganin, Yaroslav and Bartunov, Sergey",
    title        = "Computer--Aided Design as Language",
    howpublished = "\url{https://arxiv.org/abs/2105.02769}",
    year         = 2021,
    archivePrefix= "arXiv",
    eprint       = "2105.02769",
    langid       = "english"
}

@misc{yuan24_openecad,
    author       = "Yuan, Zhe",
    title        = "OpenECAD: An Efficient Visual Language Model for Editable 3D--CAD Design",
    howpublished = "\url{https://arxiv.org/abs/2406.09913}",
    year         = 2024,
    archivePrefix= "arXiv",
    eprint       = "2406.09913",
    langid       = "english"
}

@misc{khan24_text2cad,
    author       = "Khan, Mohammad~Sadil",
    title        = "{Text2CAD}: Generating Sequential CAD Models from Beginner--to--Expert Level Text Prompts",
    howpublished = "\url{https://arxiv.org/abs/2409.17106}",
    year         = 2024,
    archivePrefix= "arXiv",
    eprint       = "2409.17106",
    langid       = "english"
}

@misc{uy24_img2cad_vlm,
    author       = "Uy, Mikaela~Angelina",
    title        = "Img2CAD: Reverse Engineering 3D CAD Models from Images through VLM--Assisted Conditional Factorization",
    howpublished = "\url{https://arxiv.org/abs/2408.01437}",
    year         = 2024,
    archivePrefix= "arXiv",
    eprint       = "2408.01437",
    langid       = "english"
}

@misc{dupont24_cadsignet,
    author       = "Dupont, Elona",
    title        = "{CAD-SIGNet}: CAD Language Inference from Point Clouds Using Layer--Wise Sketch Instance Guided Attention",
    howpublished = "\url{https://arxiv.org/abs/2402.17678}",
    year         = 2024,
    archivePrefix= "arXiv",
    eprint       = "2402.17678",
    langid       = "english"
}

@misc{wu24_cadvlm,
    author       = "Wu, Sifan and Khasahmadi, Amir~Hosein and Katz, Mor",
    title        = "CadVLM: Bridging Language and Vision in the Generation of Parametric CAD Sketches",
    howpublished = "\url{https://arxiv.org/abs/2409.17457}",
    year         = 2024,
    archivePrefix= "arXiv",
    eprint       = "2409.17457",
    langid       = "english"
}

@misc{liu23_point2cad,
    author       = "Liu, Yujia and Obukhov, Anton and Wegner, Jan~Dirk and Schindler, Konrad",
    title        = "Point2CAD: Reverse Engineering CAD Models from 3D Point Clouds",
    howpublished = "\url{https://arxiv.org/abs/2312.04962}",
    year         = 2023,
    archivePrefix= "arXiv",
    eprint       = "2312.04962",
    langid       = "english"
}

@misc{xu24_brepgen,
    author       = "Xu, Xiang",
    title        = "BrepGen: A B--Rep Generative Diffusion Model with Structured Latent Geometry",
    howpublished = "\url{https://arxiv.org/abs/2401.15563}",
    year         = 2024,
    archivePrefix= "arXiv",
    eprint       = "2401.15563",
    langid       = "english"
}

@misc{gao23_diffcad,
    author       = "Gao, Daoyi",
    title        = "DiffCAD: Weakly--Supervised Probabilistic CAD Model Retrieval and Alignment from an RGB Image",
    howpublished = "\url{https://arxiv.org/abs/2311.18610}",
    year         = 2023,
    archivePrefix= "arXiv",
    eprint       = "2311.18610",
    langid       = "english"
}

@misc{jayaraman22_solidgen,
    author       = "Jayaraman, Pradeep~Kumar",
    title        = "SolidGen: An Autoregressive Model for Direct B--Rep Synthesis",
    howpublished = "\url{https://arxiv.org/abs/2203.13944}",
    year         = 2022,
    archivePrefix= "arXiv",
    eprint       = "2203.13944",
    langid       = "english"
}

@misc{zhu24_llava3d,
    author       = "Zhu, Chenming and Wang, Tai and Zhang, Wenwei",
    title        = "{LLaVA-3D}: A Simple Yet Effective Pathway to Empowering LMMs with 3D--Awareness",
    howpublished = "\url{https://arxiv.org/abs/2409.18125}",
    year         = 2024,
    archivePrefix= "arXiv",
    eprint       = "2409.18125",
    langid       = "english"
}

@misc{qiu24_llmgraphics,
    author       = "Qiu, Zeju",
    title        = "Can Large Language Models Understand Symbolic Graphics Programs?",
    howpublished = "\url{https://arxiv.org/abs/2408.08313}",
    year         = 2024,
    archivePrefix= "arXiv",
    eprint       = "2408.08313",
    langid       = "english"
}

@misc{doris24_designqa,
    author       = "Doris, Anna~C. and Grandi, Daniele",
    title        = "DesignQA: A Multimodal Benchmark for Evaluating Large Language Models’ Understanding of Engineering Documentation",
    howpublished = "\url{https://arxiv.org/abs/2404.07917}",
    year         = 2024,
    archivePrefix= "arXiv",
    eprint       = "2404.07917",
    langid       = "english"
}

@misc{yuan23_cadtalk,
    author       = "Yuan, Haocheng",
    title        = "{CADTalk}: An Algorithm and Benchmark for Semantic Commenting of CAD Programs",
    howpublished = "\url{https://arxiv.org/abs/2311.16703}",
    year         = 2023,
    archivePrefix= "arXiv",
    eprint       = "2311.16703",
    langid       = "english"
}

@inproceedings{mcclelland22_gendesign,
    author    = "McClelland, Ryan",
    title     = "Generative Design and Digital Manufacturing: Using {AI} and Robots to Build Lightweight Instruments",
    booktitle = "Proc. SPIE",
    year      = 2022,
    howpublished = "\url{https://ntrs.nasa.gov/api/citations/20220012523/downloads/McClelland-Generative%20Design%20SPIE%202022.pdf}",
    langid    = "english"
}

@misc{xu24_cadmllm,
    author       = "Xu, Jingwei and Zhao, Zibo and Wang, Chenyu and Liu, Wen and Ma, Yi and Gao, Shenghua",
    title        = "CAD--MLLM: Unifying Multimodality--Conditioned CAD Generation with MLLM",
    howpublished = "\url{https://arxiv.org/abs/2411.04954}",
    year         = 2024,
    archivePrefix= "arXiv",
    eprint       = "2411.04954",
    langid       = "english"
}

@misc{mews24_dontmesh,
    author       = "Mews, Maximilian and Aynetdinov, Ansar and Schiller, Vivian and Eisert, Peter and Akbik, Alan",
    title        = "Don’t Mesh with Me: Generating Constructive Solid Geometry Instead of Meshes by Fine--Tuning a Code--Generation LLM",
    howpublished = "\url{https://arxiv.org/abs/2411.15279}",
    year         = 2024,
    archivePrefix= "arXiv",
    eprint       = "2411.15279",
    langid       = "english"
}

@misc{ali24_brepboundary,
    author       = "Ali, Sk~Aziz",
    title        = "BRep Boundary and Junction Detection for CAD Reverse Engineering",
    howpublished = "\url{https://arxiv.org/abs/2409.14087}",
    year         = 2024,
    archivePrefix= "arXiv",
    eprint       = "2409.14087",
    langid       = "english"
}

@misc{zhang22_brep2seq,
    author       = "Zhang, Shuming and Guan, Zhidong and Jiang, Hao and Ning, Tao and Wang, Xiaodong and Tan, Pingan",
    title        = "{Brep2Seq}: A Dataset and Hierarchical Deep Learning Network for Reconstruction and Generation of Computer--Aided Design Models",
    howpublished = "Preprint. Available upon request",
    year         = 2022,
    langid       = "english"
}

@article{colligan22_cadnet,
    author  = "Colligan, Andrew~R. and Robinson, Trevor~T. and Nolan, Declan~C. and Hua, Yang and Cao, Weijuan",
    title   = "Hierarchical {CADNet}: Learning from B--Reps for Machining Feature Recognition",
    journal = "Comput. Aided Des.",
    volume  = "147",
    pages   = "103207",
    year    = 2022,
    langid  = "english"
}

@article{catalan24_geouned,
    author  = "Catalán, J.~P. and Sauvan, P. and García, J. and Alguacil, J. and Ogando, F. and Sanz, J.",
    title   = "{GEOUNED}: A New Conversion Tool from CAD to Monte Carlo Geometry",
    journal = "Ann. Nucl. Energy",
    year    = 2024,
    note    = "\url{https://www.sciencedirect.com/science/article/pii/S1738573324000548}",
    langid  = "english"
}

@misc{harb_mccad,
    author       = "Harb, Moataz",
    title        = "A Novel Algorithm for CAD to CSG Conversion in {McCAD}",
    howpublished = "Technical report",
    year         = 2014,
    langid       = "english"
}

@misc{liu24_symbolpoints,
    author       = "Liu, Wenlong and Yang, Tianyu and Wang, Yuhan and Yu, Qizhi and Zhang, Lei",
    title        = "Symbol as Points: Panoptic Symbol Spotting via Point--Based Representation",
    howpublished = "\url{https://arxiv.org/abs/2401.10556}",
    year         = 2024,
    archivePrefix= "arXiv",
    eprint       = "2401.10556",
    langid       = "english"
}

@inproceedings{inala18_inversecsg,
    author    = "Inala, Jeevana~Priya and others",
    title     = "InverseCSG: Automatic Conversion of 3D Models to CSG Trees",
    booktitle = "Proc. SIGGRAPH Asia",
    year      = 2018,
    howpublished = "\url{https://dl.acm.org/doi/pdf/10.1145/3272127.3275006}",
    langid    = "english"
}

@misc{sharma18_csgnet,
    author       = "Sharma, Gopal and others",
    title        = "{CSGNet}: Neural Shape Parser for Constructive Solid Geometry",
    howpublished = "\url{https://arxiv.org/abs/1712.08290}",
    year         = 2018,
    archivePrefix= "arXiv",
    eprint       = "1712.08290",
    langid       = "english"
}

@inproceedings{yu23_d2csg,
    author    = "Yu, Fenggen",
    title     = "{D$^2$CSG}: Unsupervised Learning of Compact CSG Trees with Dual Complements and Dropouts",
    booktitle = "Advances in Neural Information Processing Systems ({NeurIPS})",
    year      = 2023,
    howpublished = "\url{https://proceedings.neurips.cc/paper_files/paper/2023/file/4732d425125832887f6c5a9675d49ead-Paper-Conference.pdf}",
    langid    = "english"
}

@inproceedings{yu21_caprinet,
    author    = "Yu, Fenggen and Chen, Zhiqin",
    title     = "{CAPRI-Net}: Learning Compact CAD Shapes with Adaptive Primitive Assembly",
    booktitle = "Proc. IEEE Conf. Computer Vision and Pattern Recognition ({CVPR})",
    year      = 2021,
    howpublished = "\url{https://arxiv.org/abs/2104.05652}",
    langid    = "english"
}

@inproceedings{ma24_drawstep,
    author    = "Ma, Weijian and Chen, Shuaiqi and Lou, Yunzhong and Li, Xueyang and Zhou, Xiangdong",
    title     = "Draw Step by Step: Reconstructing CAD Construction Sequences from Point Clouds via Multimodal Diffusion",
    booktitle = "Proc. IEEE Conf. Computer Vision and Pattern Recognition ({CVPR})",
    year      = 2024,
    howpublished = "\url{https://openaccess.thecvf.com/content/CVPR2024/papers/Ma_Draw_Step_by_Step_Reconstructing_CAD_Construction_Sequences_from_Point_CVPR_2024_paper.pdf}",
    langid    = "english"
}

@misc{yang24_pscad,
    author       = "Yang, Bingchen and Jiang, Haiyong and Pan, Hao and Wonka, Peter and Xiao, Jun and Lin, Guosheng",
    title        = "{PS-CAD}: Local Geometry Guidance via Prompting and Selection for CAD Reconstruction",
    howpublished = "\url{https://arxiv.org/abs/2405.15188}",
    year         = 2024,
    archivePrefix= "arXiv",
    eprint       = "2405.15188",
    langid       = "english"
}

@misc{dupont24_transcad,
    author       = "Dupont, Elona and Cherenkova, Kseniya and Mallis, Dimitrios",
    title        = "TransCAD: A Hierarchical Transformer for CAD Sequence Inference from Point Clouds",
    howpublished = "\url{https://arxiv.org/abs/2407.12702}",
    year         = 2024,
    archivePrefix= "arXiv",
    eprint       = "2407.12702",
    langid       = "english"
}

@misc{chen24_img2cadsv,
    author       = "Chen, Tianrun and Yu, Chunan and Hu, Yuanqi and Li, Jing and Xu, Tao and Cao, Runlong and Zhu, Lanyun and Zang, Ying and Zhang, Yong and Li, Zejian and Sun, Linyun",
    title        = "Img2CAD: Conditioned 3D CAD Model Generation from Single Image with Structured Visual Geometry",
    howpublished = "\url{https://arxiv.org/abs/2410.03417}",
    year         = 2024,
    archivePrefix= "arXiv",
    eprint       = "2410.03417",
    langid       = "english"
}

@misc{khan21_cadtraining,
    author       = "Khan, Akber~Ali",
    title        = "Deep Learning for Object Detection: Training Data Generation Using Parametric CAD",
    howpublished = "\url{https://trepo.tuni.fi/bitstream/handle/10024/135807/KhanAkberAli.pdf}",
    year         = 2021,
    note         = "Master's thesis",
    langid       = "english"
}

@misc{rukhovich24_cadrecode,
    author       = "Rukhovich, Danila",
    title        = "CAD--Recode: Reverse Engineering CAD Code from Point Clouds",
    howpublished = "\url{https://arxiv.org/abs/2412.14042}",
    year         = 2024,
    archivePrefix= "arXiv",
    eprint       = "2412.14042",
    langid       = "english"
}

@misc{kolodiazhnyi25_cadrille,
    author       = "Kolodiazhnyi, Maksim and Tarasov, Denis and Zhemchuzhnikov, Dmitrii and Rukhovich, Danila",
    title        = "cadrille: Multi--Modal CAD Reconstruction with Online Reinforcement Learning",
    howpublished = "\url{https://arxiv.org/abs/2505.22914}",
    year         = 2025,
    archivePrefix= "arXiv",
    eprint       = "2505.22914",
    langid       = "english"
}